% Books -------------------------
@book{BirdsonBook,
  title={Fluid Simulation for Computer Graphics (1st Edition)},
  author={Birdson, Robert},
  publisher={Wellesley, Mass. : A K Peters}
}

% Web -------------------------
@online{softhouse,
  author = {Softhouse},
  title = {Scrum p√• fem minuter},
  url = {http://softhouseeducation.com/produkt/scrum-fem-minuter},
  urldate = {2015-04-24}
}
